@article{verhulst1838notice,
  title={Notice sur la loi que la population suit dans son accroissement},
  author={Verhulst, Pierre-Fran{\c{c}}ois},
  journal={Correspondence mathematique et physique},
  volume={10},
  pages={113--129},
  year={1838}
}
