@article{Grijspeerdt1999EstimatingGrowth,
    title = {{Estimating the parameters of the Baranyi model for bacterial growth}},
    year = {1999},
    journal = {Food Microbiology},
    author = {Grijspeerdt, K. and Vanrolleghem, P.},
    number = {6},
    month = {12},
    pages = {593--605},
    volume = {16},
    publisher = {Academic Press},
    doi = {10.1006/FMIC.1999.0285},
    issn = {0740-0020}
}

@article{Grijspeerdt1999EstimatingGrowthb,
    title = {{Estimating the parameters of the Baranyi model for bacterial growth}},
    year = {1999},
    journal = {Food Microbiology},
    author = {Grijspeerdt, K. and Vanrolleghem, P.},
    number = {6},
    month = {12},
    pages = {593--605},
    volume = {16},
    publisher = {Academic Press},
    doi = {10.1006/FMIC.1999.0285},
    issn = {0740-0020}
}

@article{Rolfe2012LagAccumulation,
    title = {{Lag Phase Is a Distinct Growth Phase That Prepares Bacteria for Exponential Growth and Involves Transient Metal Accumulation}},
    year = {2012},
    journal = {Journal of Bacteriology},
    author = {Rolfe, Matthew D. and Rice, Christopher J. and Lucchini, Sacha and Pin, Carmen and Thompson, Arthur and Cameron, Andrew D.S. and Alston, Mark and Stringer, Michael F. and Betts, Roy P. and Baranyi, JÃ³zsef and Peck, Michael W. and Hinton, Jay C.D.},
    number = {3},
    month = {2},
    pages = {686},
    volume = {194},
    publisher = {American Society for Microbiology (ASM)},
    url = {/pmc/articles/PMC3264077/ /pmc/articles/PMC3264077/?report=abstract https://www.ncbi.nlm.nih.gov/pmc/articles/PMC3264077/},
    doi = {10.1128/JB.06112-11},
    issn = {00219193},
    pmid = {22139505}
}

@article{Micha2011MicrobialCannot,
    title = {{Microbial growth curves: what the models tell us and what they cannot}},
    year = {2011},
    journal = {Critical reviews in food science and nutrition},
    author = {Micha, Peleg and Corradini, Maria G.},
    number = {10},
    month = {12},
    pages = {917--945},
    volume = {51},
    publisher = {Crit Rev Food Sci Nutr},
    url = {https://pubmed.ncbi.nlm.nih.gov/21955092/},
    doi = {10.1080/10408398.2011.570463},
    issn = {1549-7852},
    pmid = {21955092},
    keywords = {Bacteria / growth {\&} development*, Biological*, Colony Count, Empirical Research, Food Microbiology*, Kinetics, Logistic Models, MEDLINE, Maria G Corradini, Micha Peleg, Microbial, Models, NCBI, NIH, NLM, National Center for Biotechnology Information, National Institutes of Health, National Library of Medicine, PubMed Abstract, Review, Software, doi:10.1080/10408398.2011.570463, pmid:21955092}
}

@book{Burnham2002ModelApproach,
    title = {{Model selection and multimodel inference : a practical information-theoretic approach}},
    year = {2002},
    author = {Burnham, Kenneth P. and Anderson, David R. and Burnham, Kenneth P.},
    edition = {2nd},
    pages = {208},
    isbn = {978-1-4419-2973-0}
}

@article{Johnson2004ModelEvolution,
    title = {{Model selection in ecology and evolution}},
    year = {2004},
    journal = {Trends in Ecology {\&} Evolution},
    author = {Johnson, Jerald B. and Omland, Kristian S.},
    number = {2},
    month = {2},
    pages = {101--108},
    volume = {19},
    publisher = {Elsevier Current Trends},
    doi = {10.1016/J.TREE.2003.10.013},
    issn = {0169-5347},
    pmid = {16701236}
}

@article{Zwietering1990ModelingCurve,
    title = {{Modeling of the bacterial growth curve}},
    year = {1990},
    journal = {Applied and environmental microbiology},
    author = {Zwietering, M. H. and Jongenburger, I. and Rombouts, F. M. and Van't Riet, K.},
    number = {6},
    pages = {1875--1881},
    volume = {56},
    publisher = {Appl Environ Microbiol},
    url = {https://pubmed.ncbi.nlm.nih.gov/16348228/},
    doi = {10.1128/AEM.56.6.1875-1881.1990},
    issn = {0099-2240},
    pmid = {16348228},
    keywords = {I Jongenburger, K van 't Riet, M H Zwietering, MEDLINE, NCBI, NIH, NLM, National Center for Biotechnology Information, National Institutes of Health, National Library of Medicine, PMC184525, PubMed Abstract, doi:10.1128/aem.56.6.1875-1881.1990, pmid:16348228}
}

@article{Bratchell1989PredictingData,
    title = {{Predicting microbial growth: The consequences of quantity of data}},
    year = {1989},
    journal = {International Journal of Food Microbiology},
    author = {Bratchell, N. and Gibson, A. M. and Truman, M. and Kelly, T. M. and Robets, T. A.},
    number = {1},
    month = {2},
    pages = {47--58},
    volume = {8},
    publisher = {Elsevier},
    doi = {10.1016/0168-1605(89)90079-2},
    issn = {0168-1605},
    pmid = {2641486},
    keywords = {Growth curve, Predictive model, Response surface, Salmonallae, Sodium chloride, Temperature, pH}
}

@article{Bolker2013StrategiesBUGS,
    title = {{Strategies for fitting nonlinear ecological models in R, AD Model Builder, and BUGS}},
    year = {2013},
    journal = {Methods in Ecology and Evolution},
    author = {Bolker, Benjamin M. and Gardner, Beth and Maunder, Mark and Berg, Casper W. and Brooks, Mollie and Comita, Liza and Crone, Elizabeth and Cubaynes, Sarah and Davies, Trevor and de Valpine, Perry and Ford, Jessica and Gimenez, Olivier and K{\'{e}}ry, Marc and Kim, Eun Jung and Lennert-Cody, Cleridy and Magnusson, Arni and Martell, Steve and Nash, John and Nielsen, Anders and Regetz, Jim and Skaug, Hans and Zipkin, Elise},
    number = {6},
    month = {6},
    pages = {501--512},
    volume = {4},
    publisher = {John Wiley {\&} Sons, Ltd},
    url = {https://onlinelibrary.wiley.com/doi/full/10.1111/2041-210X.12044 https://onlinelibrary.wiley.com/doi/abs/10.1111/2041-210X.12044 https://besjournals.onlinelibrary.wiley.com/doi/10.1111/2041-210X.12044},
    doi = {10.1111/2041-210X.12044},
    issn = {2041-210X},
    keywords = {AD Model Builder, JAGS, R, WinBUGS, optimization, parameter estimation}
}

@article{Lipson2015TheProcesses,
    title = {{The complex relationship between microbial growth rate and yield and its implications for ecosystem processes}},
    year = {2015},
    journal = {Frontiers in Microbiology},
    author = {Lipson, David A.},
    number = {JUN},
    month = {6},
    pages = {126095},
    volume = {6},
    publisher = {Frontiers Media S.A.},
    doi = {10.3389/FMICB.2015.00615/BIBTEX},
    issn = {1664302X},
    keywords = {Bacterial growth efficiency (BGE), Copiotroph, Growth rate, Growth yield, Microbial growth kinetics, Oligotroph, carbon use efficiency (CUE), climate change}
}

@article{RICHARDLEVINS1966THEBIOLOGY,
    title = {{THE STRATEGY OF MODEL BUILDING IN POPULATION BIOLOGY}},
    year = {1966},
    journal = {American Scientist},
    author = {{RICHARD LEVINS}},
    number = {4},
    month = {12},
    pages = {421--431},
    volume = {54}
}

@article{Buchanan1997WhenCurves,
    title = {{When is simple good enough: a comparison of the Gompertz, Baranyi, and three-phase linear models for fitting bacterial growth curves}},
    year = {1997},
    journal = {Food Microbiology},
    author = {Buchanan, R. L. and Whiting, R. C. and Damert, W. C.},
    number = {4},
    month = {8},
    pages = {313--326},
    volume = {14},
    publisher = {Academic Press},
    doi = {10.1006/FMIC.1997.0125},
    issn = {0740-0020}
}

@article{Kendall1999WHYAPPROACHES,
    title = {{WHY DO POPULATIONS CYCLE? A SYNTHESIS OF STATISTICAL AND MECHANISTIC MODELING APPROACHES}},
    year = {1999},
    journal = {SYNTHESIS EMPHASIZING NEW IDEAS TO STIMULATE RESEARCH IN ECOLOGY Ecology},
    author = {Kendall, Bruce E and Briggs, Cheryl J and Murdoch, William W and Turchin, Peter and Ellner, Stephen P and Mccauley, Edward and Nisbet, Roger M and Wood, Simon N},
    number = {6},
    pages = {1789--1805},
    volume = {80},
    url = {https://esajournals.onlinelibrary.wiley.com/doi/10.1890/0012-9658},
    isbn = {999)080[1789},
    doi = {10.1890/0012-9658},
    keywords = {Lucilia cuprina, blowflies, density dependence, fitting mechanistic models to time-series data, inverse problem, mechanistic population models, modeling population cycles, population cycles, determining the causes of, statistical time-series analysis, structured population models, time-series models}
}